@inbook{TDT4225,
author = "Kjell {B}ratbergsengen",
title = "{Lagring og behandling av store datamengder}",
chapter= 11,
publisher = "Tapir akademisk forlag",
year = 2003
}

@misc{compiler_tech,
	author = "Aho, Alfred  V.  and Lam, Monica  S.  and Sethi, Ravi   and Ullman, Jeffrey  D. ",
	howpublished = "Hardcover",
	isbn = "20321486811",
	publisher = "Addison Wesley",
	title = "Compilers: Principles, Techniques, and Tools (2nd Edition)",
	year = 2006
}

@misc{elements_of_oop,
author = "E. Gamma et al",
title = "{Design Patterns, Elements of reusable Object-Oriented Software}",
publisher = "Addison-Wesley",
year = 1995
}

@misc{gordonRussel,
author = "{D}r {G}ordon {R}ussel",
title = "{Database e{L}earning}",
howpublished = {\url{http://db.grussell.org/}},
URL = "http://db.grussell.org/",
note = {Online: 2007.09.05}
}
@misc{newYorkDB,
author =  "{C}ity {U}niversity of {N}ew {Y}ork",
title = "{D}atabase {M}anagment {S}ystems -- {R}elational {A}lgebra",
howpublished = {\url{http://cisnet.baruch.cuny.edu/holowczak/classes/3400/relationalalgebra/}},
URL = "http://cisnet.baruch.cuny.edu/holowczak/classes/3400/relationalalgebra/",
note = {Online: 2007.09.02}
}
@misc{sudarshan,
author = "Sudarshan {S.} {C}hawathe",
title = "{A} {Q}uick {I}ntroduction to {R}elational {A}lgebra",
howpublished = {\url{http://www.umcs.maine.edu/~chaw/200609/mat500db/relnalg.pdf}},
URL = "http://www.umcs.maine.edu/~chaw/200609/mat500db/relnalg.pdf",
note = {Online: 2007.09.02}
}
@misc{makeDiv,
author = "Lester {I.} {M}c{C}ann",
title= "{O}n {M}aking {R}elational {D}ivision {C}omprehensible",
howpublished = {\url{http://fie.engrng.pitt.edu/fie2003/papers/1057.pdf}},
URL = "http://fie.engrng.pitt.edu/fie2003/papers/1057.pdf",
note = {Online: 2007.09.02}
}
@misc{w3c00,
author = "{W}orld {W}ide {W}eb {C}onsortium",
title= "{XQuery 1.0 Specification}",
howpublished = {\url{http://www.w3.org/TR/xquery/}},
URL = "http://www.w3.org/TR/xquery/",
note = {Online: 2007.09.16}
}
@misc{w3c01,
author = "{W}orld {W}ide {W}eb {C}onsortium",
title= "{XQuery 1.0 and {XP}ath 2.0 {F}ull-{T}ext 1.0}",
howpublished = {\url{http://www.w3.org/TR/xquery-full-text/}},
URL = "http://www.w3.org/TR/xquery-full-text/",
note = {Online: 2007.09.05}
}
@misc{w3c02,
author = "{W}orld {W}ide {W}eb {C}onsortium",
title= "{XML} {P}ath {L}anguage ({XP}ath) 2.0 {S}pecification",
howpublished = {\url{http://www.w3.org/TR/xpath20/}},
URL = "http://www.w3.org/TR/xpath20/",
note = {Online: 2007.09.02}
}
@misc{w3c03,
author = "{W}orld {W}ide {W}eb {C}onsortium",
title= "{E}xtensible {M}arkup {L}anguage ({XML}) 1.0 ({F}ourth {E}dition)",
howpublished = {\url{http://www.w3.org/TR/REC-xml/}},
URL = "http://www.w3.org/TR/REC-xml/",
note = {Online: 2007.09.03}
}
@misc{w3c04,
author = "{W}orld {W}ide {W}eb {C}onsortium",
title= "{XQ}uery 1.0 and {XP}ath 2.0 {D}ata {M}odel ({XDM})",
howpublished = {\url{http://www.w3.org/TR/xpath-datamodel/}},
URL = "http://www.w3.org/TR/xpath-datamodel/",
note = {Online: 2007.09.03}
}
@misc{w3c05,
author = "{W}orld {W}ide {W}eb {C}onsortium",
title= "{XQ}uery {T}est {S}uite",
howpublished = {\url{http://www.w3.org/XML/Query/test-suite/}},
URL = "http://www.w3.org/XML/Query/test-suite/",
note = {Online: 2007.11.26}
}

@misc{saxproject,
author = "David Brownell and David Megginson",
title= "{SAX Project}",
howpublished = {\url{http://www.saxproject.org/}},
URL = "http://www.saxproject.org/",
note = {Online: 2007.12.15}
}

@misc{w3ctestresults,
author = "{W}orld {W}ide {W}eb {C}onsortium",
title= "{XQ}uery {T}est {S}uite {R}esults {S}ummary",
howpublished = {\url{http://www.w3.org/XML/Query/test-suite/XQTSReport.html}},
URL = "http://www.w3.org/XML/Query/test-suite/XQTSReport.html",
note = {Online: 2007.11.26}
}

@misc{w3cprecedence,
author = "{W}orld {W}ide {W}eb {C}onsortium",
title= "{XQuery Operator Precedence}",
howpublished = {\url{http://www.w3.org/TR/xquery/#id-precedence-order}},
URL = "http://www.w3.org/TR/xquery/#id-precedence-order",
note = {Online: 2007.11.26}
}

@misc{w3s00,
author = "{R}efsnes {D}ata",
title= "{W3} {S}chools {XP}ath {T}utorial",
howpublished = {\url{http://www.w3schools.com/xpath/}},
URL = "http://www.w3schools.com/xpath/",
note = {Online: 2007.08.28}
}

@misc{styl00,
author = "{S}tylus {S}tudio",
title= "{S}tylus {S}tudio {XQ}uery {T}utorials",
howpublished = {\url{http://www.stylusstudio.com/tutorials/xquery_tutorials.html}},
URL = "http://www.stylusstudio.com/tutorials/xquery_tutorials.html",
note = {Online: 2007.08.28}
}
@misc{texq00,
author = "{C}havdar {B}otev, {S}ihem {A}mer-{Y}ahia, {J}ayavel {S}hanmugasundaram",
title= "{A} {T}e{XQ}uery-{B}ased {XML} {F}ull-{T}ext {S}earch {E}ngine",
year=2004
}
@misc{gunit00,
author = "{L}eon, {J}en-{Y}uan {S}u",
title= "g{U}nit - {G}rammar {U}nit {T}esting",
howpublished = {\url{http://www.antlr.org/wiki/display/ANTLR3/gUnit+-+Grammar+Unit+Testing}},
URL = "http://www.antlr.org/wiki/display/ANTLR3/gUnit+-+Grammar+Unit+Testing",
note = {Online: 2007.11.13}
}
@misc{antlrwrks00,
author = "{J}ean {B}ovet",
title= "{ANTLRW}orks: {T}he {ANTLR} {GUI} {D}evelopment {E}nvironment",
howpublished = {\url{http://www.antlr.org/works/index.html}},
URL = "http://www.antlr.org/works/index.html",
note = {Online: 2007.10.02}
}
@misc{antlrorg,
author = "Terrence Parr",
title= "{ANTLR} {P}arser {G}enerator",
howpublished = {\url{http://www.antlr.org}},
URL = "http://www.antlr.org",
note = {Online: 2007.09.04}
}
@book{definitiveAntlr,
author = "Terrence Parr",
title = "{The {D}efinitive ANTLR {R}eference}",
publisher = "The {P}ragmatic {B}ookshelf",
year = "2007"
} 
@misc{lookahead,
author = "Terrence Parr",
title= "{ANTLR 3 {L}ookahead {A}nalysis}",
howpublished = {\url{http://www.antlr.org/blog/antlr3/lookahead.tml}},
URL = "http://www.antlr.org/blog/antlr3/lookahead.tml",
note = {Online: 2007.11.22}
}
@misc{antlrCodeGen,
author = "Terrence Parr",
title= "ANTLR {C}ode {G}eneration",
howpublished = {\url{http://www.antlr.org/blog/antlr3/codegen.tml}},
URL= "http://www.antlr.org/blog/antlr3/codegen.tml",
note = {Online: 2007.11.25}
}
@misc{antlrmail,
author = "Terrence Parr",
title= "{ANTLR Mailing List Archive}",
howpublished = {\url{http://www.antlr.org:8080/mailman/listinfo/antlr-interest}},
URL = "http://www.antlr.org:8080/mailman/listinfo/antlr-interest",
note = {Online: 2007.12.04}
}
@misc{createTokenizer,
author = "{S}cott {B}oag",
title = "{B}uilding a {T}okenizer for {XP}ath or {XQ}uery",
howpublished ={\url{http://www.w3.org/TR/xquery-xpath-parsing/}},
URL = "http://www.w3.org/TR/xquery-xpath-parsing/",
note = {Online: 2007.11.07}
}
@misc{galatex,
author = "Emiran Curtmola et.al.",
title = "{Gala{T}ex: {A}n XML Full Text Search Engine}",
howpublished ={\url{http://www.galaxquery.com/galatex/}},
URL = "http://www.galaxquery.com/galatex/",
note = {Online: 2007.10.16}
}
@misc{eclipse,
author = "The {E}clipse {F}oundation",
title = "{Eclipse {H}ome}",
howpublished = {\url{http://www.eclipse.org/}},
URL= "http://www.eclipse.org/",
note = {Online: 2007.09.18}
}

@misc{exist_idx_drv_query,
author = "{W}olfgang {M}eier",
title = "{Index-driven {XQ}uery processing in the e{X}ist {XML} database}",
howpublished = {\url{http://exist.sourceforge.net/xmlprague06.html}},
URL= "http://exist.sourceforge.net/xmlprague06.html",
note = {Online: 2007.11.12}
}

@misc{exist_doc,
author = "{W}olfgang {M}eier",
title = "{e{X}ist {XQ}uery documentation}",
howpublished = {\url{http://exist.sourceforge.net/xquery.html}},
URL= "http://exist.sourceforge.net/xquery.html",
note = {Online: 2007.11.12}
}

@misc{exist_factsheet,
author = "{W}olfgang {M}eier",
title = "{e{X}ist fact sheet}",
howpublished = {\url{http://exist.sourceforge.net/facts.html}},
URL= "http://exist.sourceforge.net/facts.html",
note = {Online: 2008.04.23}
}

@misc{exist_pathjoin,
author = "{W}olfgang {M}eier",
title = "{e{X}ist fact sheet}",
howpublished = {\url{http://exist.sourceforge.net/facts.html}},
URL= "http://exist.sourceforge.net/facts.html",
note = {Online: 2008.04.23}
}

@misc{pathfinder_comptech,
author = "{J}ens {T}eubner",
title = "{XQuery compilation techniques for relational database targets}",
howpublished = {\url{http://pathfinder-xquery.org/files/xquery-compilation-techniques.pdf}},
URL = "http://pathfinder-xquery.org/files/xquery-compilation-techniques.pdf",
note = {Online: 2007.12.11}
}

@misc{pathfinder_sql,
author = "{J}ens {T}eubner and {T}orsten {G}rust and {M}anuel {M}ayr and {J}an {R}ittinger and {S}herif {S}akr",
title = "{A SQL:1999 Code Generator for the PathÔ¨Ånder XQuery Compiler}",
howpublished = {\url{http://pathfinder-xquery.org/files/sql-code-generator.pdf}},
URL = "http://pathfinder-xquery.org/files/xquery-compilation-techniques.pdf",
note = {Online: 2007.12.11}
}


@misc{pathfinder_staircase,
author = "{P}eter Boncz and {T}orsten {G}rust and {M}aurice van {K}eulen and {S}tefan {M}anegold and {J}an {R}ittinger and {J}ens {T}eubner",
title = "{{L}oop-lifted Staircase Join: from {XP}ath to {XQ}uery}",
howpublished = {\url{http://pathfinder-xquery.org/files/loop-lifted-scj.pdf}},
URL = "http://pathfinder-xquery.org/files/loop-lifted-scj.pdf",
note = {Online: 2007.12.11}
}

@misc{kang_xquery_diglib,
author = "Ji-Hoon Kang and Chul-Su Kim and Eun-Jung Ko",
title = "{An {XQ}uery Engine for Digital Library Systems that support {XML} data}",
howpublished = {\url{http://ieeexplore.ieee.org/iel5/8957/28387/01268643.pdf}},
URL = "http://ieeexplore.ieee.org/iel5/8957/28387/01268643.pdf",
note = {Online: 2007.12.11}
}

@misc{zhang_blossomtree,
author = "Ning Zhang and Shishir K. Agrawal and M. Tamer Ozsu",
title = "{BlossomTree: Evaluating {XP}aths in {FLWOR} Expressions}",
howpublished = {\url{http://ieeexplore.ieee.org/iel5/9680/30564/01410147.pdf?arnumber=1410147}},
URL = "http://ieeexplore.ieee.org/iel5/9680/30564/01410147.pdf?arnumber=1410147",
note = {Online: 2007.12.11}
}

@misc{zhang_nok,
author = "Ning Zhang and Varun Kacholia and M. Tamer Ozsu",
title = "{A Succinct Physical Storage Scheme for Efficient Evaluation of Path Queries in {XML}}",
howpublished = {\url{http://ieeexplore.ieee.org/iel5/9217/29235/01319984.pdf}},
URL = "http://ieeexplore.ieee.org/iel5/9217/29235/01319984.pdf",
note = {Online: 2007.12.11}
}

@misc{exist_indexdriven,
author = "Wolfgang Meier",
title = "{Index-Driven {XQ}uery Processing in the e{X}ist {XML} Database}",
howpublished = {\url{http://atomic.exist-db.org/wiki/articles/wolfgangs_talk.pdf}},
URL = "http://atomic.exist-db.org/wiki/articles/wolfgangs_talk.pdf",
note = {Online: 2007.12.11}
}

@misc{fulltext_explained,
author = "S. Amer-Yahia and C. Botev and J. D√∂rre",
title = "{XQuery Full-Text extensions explained}",
howpublished = {\url{http://www.research.ibm.com/journal/sj/452/ameraut.html}},
URL = "http://www.research.ibm.com/journal/sj/452/ameraut.html",
note = {Online: 2007.12.11}
}

@misc{quarkproject,
author = "Jayavel Shanmugasundaram",
title= "{The Quark Project}",
howpublished = {\url{http://www.cs.cornell.edu/database/quark/}},
URL = "http://www.cs.cornell.edu/database/quark/",
note = {Online: 2007.12.13}
}

@misc{quark_efficientxquery,
author = "Anand Bhaskar et.al",
title = "{Quark: An Efficient {XQ}uery Full-Text Implementation}",
howpublished = {\url{http://www.cs.cornell.edu/~yangf/quark-demo.pdf}},
URL = "http://www.cs.cornell.edu/~yangf/quark-demo.pdf",
note = {Online: 2007.12.11}
}

@misc{texquery_fulltextsearch,
author = "Chavdar Botev and Jayavel Shanmugasundaram",
title = "{A Te{XQ}uery-Based {XML} Full-Text Search Engine}",
howpublished = {\url{http://www.cs.cornell.edu/~cbotev/sigmod2004quark.pdf}},
URL = "http://www.cs.cornell.edu/~cbotev/sigmod2004quark.pdf",
note = {Online: 2007.12.11}
}


@misc{existweb,
author = "{W}olfgang {M}eier",
title = "{e{X}ist Native {XML} database}",
howpublished = {\url{http://exist.sourceforge.net/}},
URL= "http://exist.sourceforge.net/",
note = {Online: 2007.11.12}
}

@InProceedings{islandGrammar,
  author =       "Leon Moonen",
  title =        "{Generating Robust Parsers using Island Grammars}",
  year =         2001,
  month =        oct,
  pages =        "13-22",
  booktitle =    "{Proceedings of the 8th Working 
                  Conference on Reverse Engineering}",
  publisher =    "{IEEE Computer Society Press}",
}

@misc{iadcentre,
author = "The i{A}D Research Centre",
title= "{i{A}d: Information Access Disruptions}",
howpublished = {\url{http://www.iad-centre.no/}},
URL = "http://www.iad-centre.no/",
note = {Online: 2007.12.13}
}

@misc{datadirect,
author = "Data{D}irect",
title= "{Data{D}irect {XQ}uery Relational Database Support}",
howpublished = {\url{http://www.xquery.com/relational/}},
URL = "http://www.xquery.com/relational/",
note = {Online: 2007.12.13}
}

@misc{grammarIsLL1,
author = "Amer-Yahia et.al",
title="{XQuery 1.0 and XPath 2.0 Full-Text, W3C Working Draft 09 July 2004}",
howpublished = {\url{http://www.w3.org/TR/2004/WD-xquery-full-text-20040709/}},
URL = "http://www.w3.org/TR/2004/WD-xquery-full-text-20040709/",
note = {Online: 2007.12.14}
}
@misc{dyckIsTaskForce,
author = "W3C Full Text Task Force",
title= "{XML Test Suite}",
howpublished = {\url{http://dev.w3.org/2007/xpath-full-text-10-test-suite/PublicPagesStagingArea/}},
URL= "http://dev.w3.org/2007/xpath-full-text-10-test-suite/PublicPagesStagingArea/",
note = {Online: 2007.12.14}
}
@misc{dyckOnList,
author = "Michael Dyck",
title= "{XQuery Grammar is not LL(1), W3C XQuery Comments Mailing List}",
howpublished = {\url{http://lists.w3.org/Archives/Public/www-xml-query-comments/2001Jun/0066.html}},
URL= "http://lists.w3.org/Archives/Public/www-xml-query-comments/2001Jun/0066.html",
note = {Online: 2007.12.14}
}
@misc{parserTestPage,
author = "Scott Boag",
title = "{XQuery 1.0 and XPath 2.0 Full-Text Grammar Test Page}",
howpublished = {\url{http://www.w3.org/2007/01/applets/xquery-fulltextApplet.html}},
URL = "http://www.w3.org/2007/01/applets/xquery-fulltextApplet.html",
note = {Online: 2007.12.14}
}


@misc{osi_website,
author = "{Open Source Initiative}",
title= "{O}pen {S}ource {L}icenses by {C}ategory",
howpublished = {\url{http://www.opensource.org/licenses/category}},
URL = "http://www.opensource.org/licenses/category",
note = {Online: 2007.11.09}
}
@misc{pathfinderHome,
author = "the {P}athfinder {T}eam",
title= "{P}athfinder: {A} {P}urely {R}elational {XQ}uery {P}rocessor",
howpublished = {\url{http://pathfinder-xquery.org/}},
URL = "http://pathfinder-xquery.org/",
note = {Online: 2007.12.13}
}



@misc{pathfinder_mothertongue,
author = "Torsten Grust and Jens Teubner",
title = "{Relational Algebra: Mother Tongue -- XQuery: Fluent}",
howpublished = {\url{http://pathfinder-xquery.org/files/algebra-mapping.pdf}},
URL = "http://www.cs.cornell.edu/~cbotev/sigmod2004quark.pdf",
note = {Online: 2007.12.11}
}

@misc{apache_foundation,
author = "{Apache Software Foundation}",
title= "Apache Software Foundation",
howpublished = {\url{http://www.apache.org/}},
URL = "http://www.apache.org/",
note = {Online: 2007.12.13}
}

@misc{fsf_licenses,
author = "{Free Software Foundation}",
title= "Free Software Foundation -- Licenses",
howpublished = {\url{http://www.fsf.org/licensing/licenses/}},
URL = "http://www.fsf.org/licensing/licenses/",
note = {Online: 2007.12.13}
}

@misc{junit_website,
author = "{	Kent Beck and Erich Gamma and David Saff}",
title= "j{U}nit unit testing framework",
howpublished = {\url{http://junit.sourceforge.net/}},
URL = "http://junit.sourceforge.net/",
note = {Online: 2007.11.09}
}

@misc{manual_tree_walking_is_better,
author = "{	Andy Tripp }",
title= "Manual Tree Walking Is Better Than Tree Grammars",
howpublished = {\url{http://jazillian.com/articles/treewalkers.html}},
URL = "http://jazillian.com/articles/treewalkers.html",
note = {Online: 2008.02.06}
}

@misc{translators_should_use_tree_grammars,
author = "{	Terence Parr }",
title= "Manual Tree Walking Is Better Than Tree Grammars",
howpublished = {\url{http://antlr.org/article/1100569809276/use.tree.grammars.tml}},
URL = "http://antlr.org/article/1100569809276/use.tree.grammars.tml",
note = {Online: 2008.02.06}
}
