@inbook{TDT4225,
author = "Kjell {B}ratbergsengen",
title = "Lagring og behandling av store datamengder",
chapter= 11,
publisher = "Tapir akademisk forlag",
year = 2003
}
@misc{gordonRussel,
author = "{D}r {G}ordon {R}ussel",
title = "Database e{L}earning",
howpublished = {WWW},
URL = "http://db.grussell.org/"
}
@misc{newYorkDB,
author =  "{C}ity {U}niversity of {N}ew {Y}ork",
title = "{D}atabase {M}anagment {S}ystems -- {R}elational {A}lgebra",
howpublished = {WWW},
URL = "http://cisnet.baruch.cuny.edu/holowczak/classes/3400/relationalalgebra/"
}
@misc{sudarshan,
author = "Sudarshan {S.} {C}hawathe",
title = "{A} {Q}uick {I}ntroduction to {R}elational {A}lgebra",
howpublished = {WWW},
URL = "http://www.umcs.maine.edu/~chaw/200609/mat500db/relnalg.pdf"
}
@misc{makeDiv,
author = "Lester {I.} {M}c{C}ann",
title= "{O}n {M}aking {R}elational {D}ivision {C}omprehensible",
howpublished = {WWW},
URL = "http://fie.engrng.pitt.edu/fie2003/papers/1057.pdf"
}