@inbook{TDT4225,
author = "Kjell {B}ratbergsengen",
title = "Lagring og behandling av store datamengder",
chapter= 11,
publisher = "Tapir akademisk forlag",
year = 2003
}
@misc{gordonRussel,
author = "{D}r {G}ordon {R}ussel",
title = "Database e{L}earning",
howpublished = {WWW},
URL = "http://db.grussell.org/"
}
@misc{newYorkDB,
author =  "{C}ity {U}niversity of {N}ew {Y}ork",
title = "{D}atabase {M}anagment {S}ystems -- {R}elational {A}lgebra",
howpublished = {WWW},
URL = "http://cisnet.baruch.cuny.edu/holowczak/classes/3400/relationalalgebra/"
}
@misc{sudarshan,
author = "Sudarshan {S.} {C}hawathe",
title = "{A} {Q}uick {I}ntroduction to {R}elational {A}lgebra",
howpublished = {WWW},
URL = "http://www.umcs.maine.edu/~chaw/200609/mat500db/relnalg.pdf"
}
@misc{makeDiv,
author = "Lester {I.} {M}c{C}ann",
title= "{O}n {M}aking {R}elational {D}ivision {C}omprehensible",
howpublished = {WWW},
URL = "http://fie.engrng.pitt.edu/fie2003/papers/1057.pdf"
}

@misc{w3c00,
author = "{W}orld {W}ide {W}eb {C}onsortium",
title= "XQuery 1.0 Specification",
howpublished = {WWW},
URL = "http://www.w3.org/TR/xquery/"
}

@misc{w3c01,
author = "{W}orld {W}ide {W}eb {C}onsortium",
title= "XQuery 1.0 and XPath 2.0 Full-Text 1.0",
howpublished = {WWW},
URL = "http://www.w3.org/TR/xquery-full-text/"
}

@misc{w3c02,
author = "{W}orld {W}ide {W}eb {C}onsortium",
title= "XML Path Language (XPath) 2.0 Specification",
howpublished = {WWW},
URL = "http://www.w3.org/TR/xpath20/"
}

@misc{w3c03,
author = "{W}orld {W}ide {W}eb {C}onsortium",
title= "Extensible Markup Language (XML) 1.0 (Fourth Edition)",
howpublished = {WWW},
URL = "http://www.w3.org/TR/REC-xml/"
}

@misc{w3c04,
author = "{W}orld {W}ide {W}eb {C}onsortium",
title= "{XQ}uery 1.0 and {XP}ath 2.0 {D}ata {M}odel ({XDM})",
howpublished = {WWW},
URL = "http://www.w3.org/TR/xpath-datamodel/"
}

@misc{w3c05,
author = "{W}orld {W}ide {W}eb {C}onsortium",
title= "{XQ}uery {T}est {S}uite",
howpublished = {WWW},
URL = "http://www.w3.org/XML/Query/test-suite/"
}

@misc{w3s00,
author = "{R}efsnes {D}ata",
title= "{W3} {S}chools {XP}ath {T}utorial",
howpublished = {WWW},
URL = "http://www.w3schools.com/xpath/"
}

@misc{styl00,
author = "{S}tylus {S}tudio",
title= "{S}tylus {S}tudio {XQ}uery {T}utorials",
howpublished = {WWW},
URL = "http://www.stylusstudio.com/tutorials/xquery_tutorials.html"
}

@misc{texq00,
author = "{C}havdar {B}otev, {S}ihem {A}mer-{Y}ahia, {J}ayavel {S}hanmugasundaram",
title= "{A} {T}e{XQ}uery-{B}ased {XML} {F}ull-{T}ext {S}earch {E}ngine",
year=2004
}

@misc{gunit00,
author = "{L}eon, {J}en-{Y}uan {S}u",
title= "g{U}nit - {G}rammar {U}nit {T}esting",
howpublished = {WWW},
URL = "http://www.antlr.org/wiki/display/ANTLR3/gUnit+-+Grammar+Unit+Testing"
}

@misc{antlrwrks00,
author = "{J}ean {B}ovet",
title= "{ANTLRW}orks: {T}he {ANTLR} {GUI} {D}evelopment {E}nvironment",
howpublished = {WWW},
URL = "http://www.antlr.org/works/index.html"
}

@misc{antlrorg,
title= "{ANTLR} {P}arser {G}enerator",
howpublished = {WWW},
URL = "http://www.antlr.org"
}
@book{definitiveAntlr,
author = "Terrence Parr",
title = "The {D}efinitive ANTLR {R}eference",
publisher = "The {P}ragmatic {B}ookshelf",
year = "2007"
} 
@misc{lookahead,
author = "Terrence Parr",
title= "ANTLR 3 {L}ookahead {A}nalysis",
howpublished = {WWW},
URL = "http://www.antlr.org/blog/antlr3/lookahead.tml"
}

@misc{antlrmail,
title= "{ANTLR} mailing list archive",
howpublished = {WWW},
URL = "http://www.antlr.org:8080/mailman/listinfo/antlr-interest"
}
